
@online{OWD2020,
  title   = {Daily COVID-19 Tests},
  url     = {https://ourworldindata.org/grapher/full-list-covid-19-tests-per-day?time=2020-02-20..latest},
  journal = {Our World in Data},
  year    = 2020,
  urldate = {2020-09-20}
}

@online{WHO2020,
  title   = {Coronavirus},
  url     = {https://www.who.int/health-topics/coronavirus},
  journal = {World Health Organization},
  author  = {{World Health Organization}},
  year    = 2020,
  urldate = {2020-09-20}
}

@online{WMC2020,
  author  = {{Wuhan Municipal Health Commission}},
  title   = {Wellness Commission on the current pneumonia outbreak in our city.},
  year    = 2020,
  url     = {https://web.archive.org/web/20200109215413/http://wjw.wuhan.gov.cn/front/web/showDetail/2019123108989},
  urldate = {2020-09-28}
}

@book{WHOa2020,
  series      = {Novel Coronavirus (2019-nCoV)},
  title       = {Situation Report - 1},
  url         = {https://www.who.int/docs/default-source/coronaviruse/situation-reports/20200121-sitrep-1-2019-ncov.pdf?sfvrsn=20a99c10_4},
  institution = {World Health Organization},
  author      = {{World Health Organization}},
  year        = 2020,
  collection  = {Novel Coronavirus (2019-nCoV)}
}


@online{EDW2020,
  title     = {Coronavirus U.S. case confirmation: 1st coronavirus case is in Seattle},
  url       = {https://www.nbcnews.com/health/health-news/1st-case-coronavirus-china-confirmed-u-s-n1119486},
  journal   = {NBCNews.com},
  publisher = {NBCUniversal News Group},
  author    = {Edwards, Erika},
  year      = {2020},
  month     = {Jan},
  urldate   = {2020-09-28}
}

@online{EDWa2020,
  title     = {New coronavirus outbreak: WHO declares it a global public health emergency},
  url       = {https://www.nbcnews.com/health/health-news/new-coronavirus-outbreak-declared-global-public-health-emergency-who-says-n1126836},
  journal   = {NBCNews.com},
  publisher = {NBCUniversal News Group},
  author    = {Edwards, Erika},
  year      = {2020},
  month     = {Jan}
}


@online{MCM2020,
  title     = {Coronavirus timeline: Tracking the critical moments of COVID-19},
  url       = {https://www.nbcnews.com/health/health-news/coronavirus-timeline-tracking-critical-moments-covid-19-n1154341},
  journal   = {NBCNews.com},
  publisher = {NBCUniversal News Group},
  author    = {Muccari, Robin and Chow, Denise and Murphy, Joe},
  year      = {2020},
  month     = {Jul},
  urldate   = {2020-09-28}
}


@online{WBY2020,
  title     = {Dow closes down 1,000 points as coronavirus fears slam Wall Street},
  url       = {https://www.nbcnews.com/business/markets/dow-plunges-950-points-fears-coronavirus-will-tank-global-economic-n1141546},
  journal   = {NBCNews.com},
  publisher = {NBCUniversal News Group},
  author    = {White, Martha C. and Bayly, Lucy},
  year      = {2020},
  month     = {Feb},
  urldate   = {2020-09-28}
}

@online{SHA2020,
  title     = {Senate passes \$8.3 billion emergency bill to combat coronavirus},
  url       = {https://www.nbcnews.com/politics/congress/senate-passes-8-3-billion-emergency-bill-combat-coronavirus-n1150521},
  journal   = {NBCNews.com},
  publisher = {NBCUniversal News Group},
  author    = {Shabad, Rebecca},
  year      = {2020},
  month     = {Mar},
  urldate   = {2020-10-02}
}

@online{JAS2020,
  title     = {WHO declares COVID-19 disease to be a pandemic},
  url       = {https://www.nbcnews.com/health/health-news/live-blog/coronavirus-updates-live-u-s-cases-top-1-000-spread-n1155241/ncrd1155646#blogHeader},
  journal   = {NBCNews.com},
  publisher = {NBCUniversal News Group},
  author    = {Jason},
  year      = {2020},
  month     = {Apr},
  urldate   = {2020-10-02}
}

@online{GIV2020,
  title     = {U.S. surpasses China with coronavirus cases as global total tops 500,000},
  url       = {https://www.nbcnews.com/news/world/u-s-surpasses-china-coronavirus-cases-global-total-tops-500-n1170136},
  journal   = {NBCNews.com},
  publisher = {NBCUniversal News Group},
  author    = {Givetash, Linda},
  year      = {2020},
  month     = {Mar},
  urldate   = {2020-10-02}
}

@online{PHI2020,
  title     = {Coronavirus cases top 1 million worldwide, researchers say},
  url       = {https://www.foxnews.com/health/coronavirus-cases-top-1-million-worldwide-johns-hopkins},
  journal   = {Fox News},
  publisher = {FOX News Network},
  author    = {Phillips, Morgan},
  year      = {2020},
  month     = {Apr},
  urldate   = {2020-10-02}
}

@online{ECDC2020,
  title     = {The daily number of new reported cases of COVID-19 by country worldwide},
  url       = {https://www.ecdc.europa.eu/en/publications-data/download-todays-data-geographic-distribution-covid-19-cases-worldwide},
  journal   = {European Centre for Disease Prevention and Control},
  author    = {European Centre for Disease Prevention and Control},
  publisher = {European Centre for Disease Prevention and Control},
  year      = {2020},
  month     = {Oct},
  urldate   = {2020-10-02}
}

@misc{WMR2020,
  title   = {Coronavirus Cases Distribution},
  url     = {https://www.worldometers.info/coronavirus/},
  journal = {Worldometer}
}

@misc{GGN2020,
  title     = {Coronavirus (COVID-19)},
  url       = {https://news.google.com/covid19/map?hl=en-US&gl=US&ceid=US:en},
  journal   = {Google News},
  publisher = {Google}
}